<record><leader>00000cas a22000001a 4500</leader><controlfield tag="001">32406270</controlfield><controlfield tag="007">hd afb020baca</controlfield><controlfield tag="007">hd bfb020baaa</controlfield><controlfield tag="008">950502d18401876mauwr nea     0    0eng d</controlfield><datafield ind1=" " ind2=" " tag="010"><subfield code="a">sn 94084136 </subfield></datafield><datafield ind1=" " ind2=" " tag="040"><subfield code="a">NN</subfield><subfield code="b">eng</subfield><subfield code="c">RQM</subfield><subfield code="d">DLC</subfield><subfield code="d">OCLCG</subfield><subfield code="d">OCLCQ</subfield></datafield><datafield ind1=" " ind2=" " tag="012"><subfield code="i">9503</subfield></datafield><datafield ind1=" " ind2=" " tag="042"><subfield code="a">msc</subfield></datafield><datafield ind1=" " ind2=" " tag="043"><subfield code="a">n-us-ma</subfield></datafield><datafield ind1="0" ind2=" " tag="130"><subfield code="a">Worcester palladium (Worcester, Mass. : 1840)</subfield></datafield><datafield ind1="1" ind2="0" tag="245"><subfield code="a">Worcester palladium.</subfield></datafield><datafield ind1=" " ind2=" " tag="260"><subfield code="a">Worcester, Mass. :</subfield><subfield code="b">[J.S.C. Knowlton],</subfield><subfield code="c">1840-1876.</subfield></datafield><datafield ind1=" " ind2=" " tag="300"><subfield code="a">36 volumes ;</subfield><subfield code="c">58-66 cm</subfield></datafield><datafield ind1=" " ind2=" " tag="310"><subfield code="a">Weekly</subfield></datafield><datafield ind1=" " ind2=" " tag="336"><subfield code="a">text</subfield><subfield code="b">txt</subfield><subfield code="2">rdacontent</subfield></datafield><datafield ind1=" " ind2=" " tag="337"><subfield code="a">microform</subfield><subfield code="b">h</subfield><subfield code="2">rdamedia</subfield></datafield><datafield ind1=" " ind2=" " tag="338"><subfield code="a">microfilm reel</subfield><subfield code="b">hd</subfield><subfield code="2">rdacarrier</subfield></datafield><datafield ind1="0" ind2=" " tag="362"><subfield code="a">Vol. 7, no. 8 (Feb. 19, 1840)-v. 43, no. 7 (Feb. 12, 1876).</subfield></datafield><datafield ind1=" " ind2=" " tag="500"><subfield code="a">Knowlton identified as publisher in his obituary, Worcester palladium, June 14, 1871.</subfield></datafield><datafield ind1=" " ind2=" " tag="500"><subfield code="a">Publisher: Charles Hamilton, May 15, 1875-Feb. 12, 1876.</subfield></datafield><datafield ind1=" " ind2=" " tag="500"><subfield code="a">Proprietors: J.S.C. Knowlton, 1840-1871; Helen M. Knowlton &amp; Co., Oct. 1, 1873-May 8, 1875.</subfield></datafield><datafield ind1=" " ind2=" " tag="500"><subfield code="a">Printers: E.W. Bartlett &amp; Co., Feb. 19-May 20, 1840; Wallace &amp; Ripley, Aug. 12, 1840-Dec. 29, 1841; J.B. Ripley, Jan. 5, 1842-Mar. 8, 1843; Church &amp; Fiske, Apr. 5, 1843-Nov. 20, 1844; Church &amp; Prentiss, Dec. 11, 1844-Oct. 14, 1846; S.D. Church, Oct. 28, 1846-Feb. 3, 1847; Benjamin J. Dodge, Feb. 17, 1847-Mar. 28, 1849; Tyler &amp; Hamilton, Apr. 4, 1849-June 25, 1851; Charles Hamilton, July 2, 1851-Feb. 12, 1876.</subfield></datafield><datafield ind1=" " ind2=" " tag="500"><subfield code="a">Editors: J.S.C. Knowlton, 1840-1871; J.E. Tucker, 1871-1873; Helen M. Knowlton &amp; Co., 1873-1875.</subfield></datafield><datafield ind1=" " ind2=" " tag="500"><subfield code="a">Issue of May 31, 1871, contains map of Northern Pacific Railroad.</subfield></datafield><datafield ind1=" " ind2=" " tag="500"><subfield code="a">Democratic, 1840-1854; Republican, 1856-1876. Cf. Hull, D. Hist. of Worcester newspapers (typescript at American Antiquarian Society).</subfield></datafield><datafield ind1=" " ind2=" " tag="525"><subfield code="a">Has occasional supplements.</subfield></datafield><datafield ind1=" " ind2=" " tag="533"><subfield code="a">Microfilm.</subfield><subfield code="m">Feb. 19,1840-July 4,1874:[Gaps] On film with related titles.</subfield><subfield code="b">New York :</subfield><subfield code="c">New York Public Library,</subfield><subfield code="d">1984.</subfield><subfield code="e">1 microfilm reel ; 35 mm.</subfield></datafield><datafield ind1="1" ind2=" " tag="700"><subfield code="a">Knowlton, John S. C.</subfield><subfield code="q">(John Stocker Coffin),</subfield><subfield code="d">1799-1871.</subfield></datafield><datafield ind1="1" ind2=" " tag="700"><subfield code="a">Tucker, Julius E.</subfield></datafield><datafield ind1=" " ind2=" " tag="752"><subfield code="a">United States</subfield><subfield code="b">Massachusetts</subfield><subfield code="c">Worcester</subfield><subfield code="d">Worcester.</subfield></datafield><datafield ind1="1" ind2=" " tag="776"><subfield code="c">Original</subfield><subfield code="w">(DLC)sn 83020925</subfield></datafield><datafield ind1="0" ind2="0" tag="780"><subfield code="t">Worcester palladium and Worcester County Republican</subfield><subfield code="w">(DLC)sn 94084135</subfield></datafield><datafield ind1="0" ind2="4" tag="785"><subfield code="t">Massachusetts weekly spy</subfield></datafield><datafield ind1=" " ind2=" " tag="850"><subfield code="a">NN</subfield><subfield code="a">NN (master)</subfield></datafield><datafield ind1="1" ind2=" " tag="029"><subfield code="a">AU@</subfield><subfield code="b">000025875350</subfield></datafield></record>